%
% bibliography file
%

@misc{teleport:teleport-seminar,
  title = {{Seminarvortrag zur Quantenmechanik 2 - Quantenteleportation}},
  year  = 2005,
  author = {H. Pruser},
  howpublished = "\url{http://www.theorie.physik.uni-goettingen.de/lehre/Uebungen/QM2-Seminar/0506/QuantenTeleportation.pdf}",
  note = "last visited on 29.06.2015"
}

@misc{teleport:mscthesis,
  title = {{Quantenteleportation}},
  year  = 2012,
  author = {Christian Geyer},
  howpublished = "\url{http://aleph.physik.uni-kl.de/~korsch/diplom/GeyerMaster.pdf}",
  note = "last visited on 29.06.2015"
}