%
% bibliography file
%

@misc{simon:cse599d-dave-bacon,
  title = {{SE 599d - Quantum Computing Simon’s Algorithm}},
  year  = 2013,
  author = {Dave Bacon},
  howpublished = "\url{http://courses.cs.washington.edu/courses/cse599d/06wi/lecturenotes8.pdf}",
  note = "last visited on 18.06.2015"
}

@misc{simon:cs191,
  title = {{Simon’s Algorithm}},
  year  = 2013,
  author = {Birgitta Whaley, Dr. Kevin Young, Dr. Mohan Sarovar},
  howpublished = "\url{http://www-inst.eecs.berkeley.edu/~cs191/sp12/notes/simon.pdf}",
  note = "last visited on 18.06.2015"
}
