%
% bibliography file
%

@online{efeld:de_Broglie,
	title = {Louis de Broglie},
	url = {https://web.archive.org/web/20150629141852/https://de.wikipedia.org/wiki/Louis_de_Broglie},
	urldate = {2015-06-29},
}
