%
% bibliography file
%

@book{fq:aqm,
	author = {Sakurai J. J.},
	title = {Advanced Quantum Mechanics},
	publisher = {Addison-Wesley Publishing Company},
	year = {1967},
	language = {english},
}

@online{fq:em_units,
	title = {Elektromagnetische Ma√üeinheiten},
	url = {http://de.wikipedia.org/wiki/Elektromagnetische_Ma%C3%9Feinheiten},
	urldate = {2015-04-23},
}

@online{fq:nabla,
	title = {Nabla-Operator},
	url = {http://de.wikipedia.org/wiki/Nabla-Operator},
	urldate = {2015-04-23},
}
