%
% bibliography file
%

@online{skript:pentagon,
	title = {Pentagon},
	url = {http://en.wikipedia.org/wiki/Pentagon},
	urldate = {2015-02-03},
}

@online{skript:mri:MaxPlanckCampus,
	author = {Max-Planck-Campus T"ubingen},
	url = {https://tuebingen.mpg.de/aktuelles-presse/pressemitteilungen/detail/kernresonanz-zentrum-auf-dem-max-planck-campus-tuebingen-eroeffnet.html},
	urldate = {2015-06-01},
}


@online{skript:mri:NMRSkopie,
	title = {Kernspinresonanzspektroskopie},
	url = {https://de.wikipedia.org/wiki/Kernspinresonanzspektroskopie},
	urldate = {2015-06-18},
}

@online{skript:mri:EthanolNeu,
	title = {File:1H NMR Ethanol Coupling shown.GIF},
	url = {https://commons.wikimedia.org/wiki/File:1H_NMR_Ethanol_Coupling_shown.GIF},
	urldate = {2015-06-18},
}

@online{skript:mri:pinaple,
	author = {Lisa Winter},
	title = {MRI Scans of Produce are Completely Amazing},
	url = {http://www.iflscience.com/plants-and-animals/mri-scans-produce-are-completely-amazing},
	urldate = {2015-06-18},
}

@online{skript:mri:kiwi,
	author = {Allison Zwingenberger},
	title = {MRI of a kiwi fruit},
	url = {http://www.veterinaryradiology.net/1444/mri-of-a-kiwi-fruit/},
	urldate = {2015-06-18},
}

@online{praezession,
	author = {Wikipedia},
	url = {http://www.techniklexikon.net/d/pr%C3%A4zession/pr%C3%A4zession.htm},
	urldate = {2015-06-16}
}

@online{wiki:magnetismus,
	author = {Wikipedia},
	url = {https://de.wikipedia.org/wiki/Magnetismus},
	urldate = {2015-06-17}
}

@online{wiki:larmorpraezession,
	author = {Wikipedia},
	url = {https://de.wikipedia.org/wiki/Larmorpr%C3%A4zession},
	urldate = {2015-06-17},
}

@online{skript:mri:AMSM_Paper,
	author = {Prof.Dr.med.Dr.sc.nat. Chris Boesch},
	url = {http://www.amsm.dkf.unibe.ch/labmed-0.htm#Tabelle},
	urldate = {2015-06-01},
	note = {AMSM - Paper},
}

@online{MRIScanner,
	author = {Wikipedia},
	url = {https://nationalmaglab.org/education/magnet-academy/learn-the-basics/stories/mri-a-guided-tour},
	urldate = {2015-06-23},
}

@online{gradients,
	author = {Wikipedia},
	url = {http://mri-q.com/active-shielded-gradients.html},
	urldate = {2015-06-23},
}

@online{Zeeman,
author = {Wikipedia},
url = {https://commons.wikimedia.org/wiki/File:Wasserstoff_Zeeman.svg#/media/File:Wasserstoff_Zeeman.svg},
urldate = {2015-06-15},
}

@online{MRI:quanten,
author = {Wikipedia},
url = {https://de.wikipedia.org/wiki/Magnetresonanztomographie},
urldate = {2015-06-15},
}

@book{Mathsem,
	author = {Mathematisches Seminar 2014},
	title = {High Performance Computing},
	publisher = {Andreas Müller},
	year = {2014},
}