%
% bibliography file
%
@book{bose:feynman,
	author = { Feynman, Richard P. },
	title = { Statistical Mechanics },
	subtitle = { A set of Lectures },
	series = { Frontiers in Physics },
	publisher = { W. A. Benjamin, Inc. },
	year = { 1972Â },
}

@online{bose:LaserKuehlung,
    author = {Physikalisch-Technische Bundesanstalt},
    title = {Grundlagen der Laserk"uhlung },
    url = {https://www.ptb.de/cms/ptb/fachabteilungen/abt4/fb-44/ag-441/realisierung-der-si-sekunde/die-fontaenen-atomuhr-csf1-der-ptb/grundlagen-der-laserkuehlung.html},
    urldate = {2015-06-07},
}
            
@online{bose:WikiLaserKuehl,
     author = {Wikipedia},
     title = {Laserk"uhlung},
     url = {https://de.wikipedia.org/wiki/Laserk%C3%BChlung},
     urldate = {2015-06-07},
}

@online{bose:WikiEvaporativeKuehlung,
	author = {Wikipedia},
	title = {Evaporative K"uhlung},
	url = {https://de.wikipedia.org/wiki/Evaporative_K%C3%BChlung},
	urldate = {2015-06-24},
}

@video{bose:MITvideo,
	author = {KQED9},
	title = {Bose-Einstein Condensate - Coldest Place in the Universe},
	url = {https://www.youtube.com/watch?v=1RpLOKqTcSk},
	urldate = {2015-05-10},
}

@book{bose:SupraVerteilnetze,
	author = {Christen, Reto},
	title = {Supraleitende Verteilnetze},
	publisher = {Hochschule f"ur Technik Rapperswil},
	year = {2015},
	note = {Projektarbeit im Fach ''Energie Systeme''},
}

@article{bose:SlowLight,
	author = {Lene Vestergaard Hau and S. E. Harris and Zachary Dutton and Cyrus H. Behroozi},
	title = {Light speed reduction to 17 metres per second in an ultracold atomic gas},
	publisher = {Macmillan Magazines Ltd},
	journal = {Nature},
	volume = {397},
	pages = {594--598},
	year = {1999},
}

@online{bose:WikiSuprafluid,
	author = {Wikipedia},
	title = {Suprafluidit\"at},
	url = {https://de.wikipedia.org/wiki/Suprafluidit%C3%A4t},
	urldate = {2015-06-28},
}