@book{skript:landaulifschitz1,
	author = {Landau, L. D. und Lifschitz, E. M.},
	title = {Mechanik},
	series = {Lehrbuch der theoretischen Physik},
	volume = {1},
	publisher = {Akademie-Verlag},
	year = {1981},
	language = {german},
}

@book{skript:landaulifschitz3,
	author = {Landau, L. D. und Lifschitz, E. M.},
	title = {Quantenmechanik},
	series = {Lehrbuch der theoretischen Physik},
	volume = {3},
	publisher = {Akademie-Verlag},
	year = {1979},
	language = {german},
}

@book{skript:arorabarak,
	author = {Arora, Sanjeev und Barak, Boaz},
	title = {Computational Complexity},
	publisher = {Cambridge University Press},
	year = {2009},
	language = {english},
}

@book{skript:mitter,
	author = {Mitter, Heinrich},
	title = {Quantentheorie},
	publisher = {Bibliographisches Institut Mannheim},
	year = {1979},
	language = {german},
}

@book{skript:wiesel,
	author = {Wiesel, William E.},
	title = {Modern Astrodynamics},
	publisher = {Aphelion Press},
	year = {2010},
	language = {english},
}

@online{skript:xkcd,
	author = {Munroe, Randall},
	title = {Location Sharing},
	year = {2015},
	url = {http://xkcd.com/1473/},
	urldate = {2015-01-15},
	language = {english}
}

@book{skript:kaye-et-al,
	author = {Key, Philipp and Laflamme, Raymond and Mosca, Michele},
	title = {An Introduction to Quantum Computing},
	publisher = {Oxford University Press},
	year = {2007},
	language = {english}
}

@article{skript:aks,
	author = {Agrawal, Manindra and Kayal, Neeraj and Saxena, Nitin},
	title = {PRIMES is in P},
	journal = {Annals of Mathematics},
	volume = {160},
	number = {2},
	pages = {781--793},
	year = {2004},
	language = {english}
}

@online{skript:miller-rabin,
	title = {Primality test},
	url = {http://en.wikipedia.org/wiki/Primality_test},
	urldate = {2015-01-16},
}

@online{skript:viascience,
	author = {viascience},
	url = {https://www.youtube.com/playlist?list=PL193BC0532FE7B02C},
	urldate = {2015-01-22},
	note = {Youtube playlist von Videos, die eine Einf"uhrung in
		die Quantenmechanik geben},
}
