%
% bibliography file
%
@online{wiki:bohr,
	author = {Wikipedia},
	title = {Niels Bohr},
	date = {2015-01-28},
	url = {https://de.wikipedia.org/Niels_Bohr},
	urldate = {2015-06-17},
}
