%
% bibliography file
%
@Book{Grundlagen,
  Title                    = {Grundlagen der Laserstahlquellen},
  Author                   = {Thomas Graf},
  Publisher                = {Viewing + Teubner},
  Year                     = {2009},
  Edition                  = {1. Auflage},
  ISBN                     = {978-3-8348-0770-0}
}

@Book{WikiLaser,
  Title                    = {Laser},
  Author                   = {Wikipedia},
  Year                     = {2015},
  urldate                = {2015-04-03},
  Url                      = {http://de.wikipedia.org/wiki/Laser},
  

}

@Book{WikiSpeckle,
  Title                    = {Speckle Pattern},
  Author                   = {Wikipedia},
  Year                     = {2015},
  urldate                = {2015-05-22},
  Url                      = {http://en.wikipedia.org/wiki/Speckle_pattern},
  
}
@Book{WikiRate,
  Title                    = {Rate Equation},
  Author                   = {Wikipedia},
  Year                     = {2015},
  urldate                  = {2015-04-03},
  Url                      = {http://en.wikipedia.org/wiki/Rate_equation},

}

@Book{WikiHeNe,
  Title                    = {Helium Neon Laser},
  Author                   = {Wikipedia},
  Year                     = {2015},
  urldate                = {2015-04-03},
  Url                      = {http://de.wikipedia.org/wiki/Helium-Neon-Laser},
   
}

@Book{WikiFarb,
  Title                    = {Farbstofflaser},
  Author                   = {Wikipedia},
  Year                     = {2015},
  urldate                = {2015-04-04},
  Url                      = {http://de.wikipedia.org/wiki/Farbstofflaser},
  
}

@Book{WikiDiode,
  Title                    = {Laserdiode},
  Author                   = {Wikipedia},
  Year                     = {2015},
  urldate               = {2015-04-04},
  Url                      = {http://de.wikipedia.org/wiki/Laserdiode},
 
}

@Book{LED,
  Title                    = {Leuchtdiode},
  Author                   = {Wikipedia},
  Year                     = {2015},
  urldate                  = {2015-05-14},
  Url                      = {http://de.wikipedia.org/wiki/Leuchtdiode},
  
}

@Book{LaserThomas,
  Title                    = {Laser},
  Author                   = {Othmar Marti und Manuel GoncÌ§alves},
  Publisher                = {Universit"at Ulm},
  Year                     = {2015},
  urldate                  = {2015-04-17},
  Url                      = {http://wwwex.physik.uni-ulm.de/lehre/ap-2015/ap-2015se34.html#x45-1210007.2},
  
}

@Book{Laserprinzip,
  Title                    = {$LP-WS-09-10-Zusammenfassung-Laserprinzip.pdf$},
  Author                   = {Technische Universit"at Kaiserslautern},
  Year                     = {2009},
  urldate                  = {2015-04-04},
  Url                      = {http://www.physik.uni-kl.de/fileadmin/beigang/Vorlesungen/WS_09_10/LP_WS_09_10_Zusammenfassung_Laserprinzip.pdf},
  
}

@Book{Lasergrundlagen,
  Title                    = {Laserprinzip},
  Author                   = {Klaus Betzler},
  Year                     = {2007},
  urldate                  = {2015-04-04},
  Url                      = {http://optmat.physik.uni-osnabrueck.de/scripts/laser/lasergrundlagen.pdf},
 
}

@Book{Laserphysik,
  Title                    = {Laserphysik Grundlagen und Anwendung f"ur Physiker, Maschinenbauer und Ingenieure},
  Author                   = {Marc Eicher},
  Publisher                = {SpringerSpektrum},
  Year                     = {2013},
  ISBN 				       = {978-3-642-32647-9}
}

@Book{Aufbau,
  Title                    = {Schematischer Aufbau eines Lasers},
  Publisher                = {Universit"at G"ottingen},
  Year                     = {2014},
  Url			          = {https://lp.uni-goettingen.de/get/text/5344},
  urldate                  = {2015-04-04},
}
@Book{halbleiterlaser,
  Author                   = {T.Hebbeker},
  Title                    = {Halbleiterlaser},
  Publisher                = {Universit"at Aachen},
  Year                     = {2015},
  Url			          = {http://web.physik.rwth-aachen.de/~hebbeker/lectures/ph3_0203/dem823.gif},
  
  urldate                  = {2015-04-04},
  
}
