%
% bibliography file
%
@book{supraleitung:feynman,
	author = { Feynman, Richard P. },
	title = { Statistical Mechanics },
	subtitle = { A set of Lectures },
	series = { Frontiers in Physics },
	publisher = { W. A. Benjamin, Inc. },
	year = { 1972Â },
}

