%
% bibliography file
%

@online{
  qc:detector,
  title = {Detektor Blendung},
  url = {http://www.nature.com/articles/nphoton.2010.214.epdf?referrer_access_token=J0mSA8Y722f8fLBhIdWGstRgN0jAjWel9jnR3ZoTv0M9RZiSkq1coUUEjFkxCQxM4CJA62wwkGo8HfrEGP48YPnknmFefab-US8gdPZfoxmT4cvWxQ3btEz21JgyR9JvgEopJ0uImmPUBGLFHhB0IbmFBMF3_O0l2JbhIF7TFKqjXrqLRwvzpGc-YSEWcxtjyUjTDBxNOOZ8kQ895MKJEw%3D%3D&tracking_referrer=www.nature.com},
  urldate = {2015-05-28},
}

@online{
  qc:authentisierung,
  title = {Authentisierung},
  url = {http://www.cs.uni-potsdam.de/ti/lehre/Kolloquium/slides/Vortrag_QK.pdf},
  urldate = {2015-05-28},
}

@online{
  qc:verschraenkung,
  title = {Verschr\"ankung},
  url = {http://de.wikipedia.org/wiki/Quantenverschr√§nkung},
  urldate = {2015-05-29},
}

@book{
  qc:broadbandqc,
  author    = "Daniel J. Rogers",
  title     = "Broadband Quantum Cryptography",
  publisher = "Morgan & Claypool Publishers",
  year      = "2010",
}

@book{
  qc:quantuminformation,
  author    = "Dirk Bouwmeester and Artur K. Ekert and Anton Zeilinger",
  title     = "The Physics of Quantum Information: Quantum Cryptography, Quantum Teleportation, Quantum Computation",
  publisher = "Springer",
  year      = "2000",
}
