%
% bibliography file
%


@article{Bell:Einstein1935,
    author = {Albert Einstein and Boris Podolsky and Nathan Rosen},
    title = {Can quantum-mechanical description of physical reality be considered complete?},
    journaltitle = {Physical Review},
    year = {1935},
    month = {3},
    volume = {47},
    issue = {10},
    pages = {777-780},
}

@online{Bell:XkcdComic,
	author = {Randall Munroe},
	title = {xkcd: Einstein},
	year = {2015},
	url = {http://xkcd.com/1206/},
	urldate = {2015-04-25},
}
