%
% bibliography file
%

@online{online:impulsdarstellung,
	author = {Prof. Igor Sokolov 2005-02-14 },
	title = {Die Impulsdarstellung},
	year = {2015},
	url = {http://people.physik.hu-berlin.de/~sokolov/QM1/QMall/node92.html},
	urldate = {2015-05-21},
}

@inbook{skript:Tannoudji,
    author = {Claude Cohen-Tannoudji, Bernard Diu, Franck Laloë},
    title = {Quantenmechanik},
	chapter = {"Ubergang von der Orts- in die Impulsdarstellung},
    publisher = {Walter de Gruyter},
    year = {2007}
}

@booklet{skript:intra,
	author = {W. Bichsel},
	title = {Integraltransformationen},
	year = {2012},
}

@unpublished{praesent:ftrans,
	author = {},
	title = {Fouriertransformation und Unsch¨arfeprinzip},
	year = {2007},
}

@techreport{skript:ftrans,
	author = {Prof. Dr. Michael Eisermann},
	title = {Fourier–Transformation},
	institution = {Université Grenoble, Institut Fourier},
	year = {2013},
}

@techreport{skript:Quantentheorie1,
	author = {Prof. Dr. Haye Hinrichsen},
	title = {Quantentheorie I},
	institution = {Universität Würzburg, Fakultät für Physik und Astronomie},
	year = {2012},
}

@techreport{skript:QuantenmechanikMotschmann,
	author = {Prof. Dr. U. Motschmann, Dipl.-Phys. H. Kriegel},
	title = {Quantenmechanik},
	institution = {Institut f"ur Theoretische Physik der Technischen Universitat Braunschweig},
	year = {2012},
}

@techreport{skript:PhysikC,
	author = {Prof. Dr. Wolf Gero Schmidt},
	title = {Vorlesung theoretische Physik C},
	year = {2008},
}

@techreport{skript:QuantenmechanikMotschmann,
	author = {Prof. Dr. Heiko Rieger},
	title = {Theoretische Physik III},
	year = {2012},
}