%
% bibliography file
%
@MISC{kugel,
AUTHOR = "Wikipedia",
  TITLE        = "Kugelkoordinaten und kartesisches Koordinatensystem",
  YEAR         = "2015",
   URL	     	= "https://de.wikipedia.org/wiki/Kugelkoordinaten"
      
}