%
% bibliography file
%
@online{online:impulsdarstellung,
	title = {Abbildung eines Floating Gate Transistors},
	url = {http://upload.wikimedia.org/wikipedia/commons/a/ae/Floating_gate_transistor-en.svg},
	urldate = {2015-06-04},
}
